2956 4800
151 1332 322 1397 1.1217.
369 1330 442 1395 Jun.
476 1329 627 1395 Atrebati.
675 1331 950 1408 Bartholomaeus,
984 1331 1117 1396 decanus
1141 1330 1233 1395 Atre-

58 1436 205 1517 batensis,
230 1436 402 1515 confirmat,
428 1456 460 1502 se
473 1438 644 1520 unicuique,
670 1438 914 1520 quiinTerram
926 1437 1072 1502 Sanctam
1095 1437 1233 1520 proficis·

58 1545 198 1609 centibus
230 1545 261 1608 et
283 1544 433 1608 latoribus
463 1546 586 1609 chartae
615 1545 747 1610 scilicet:
778 1545 929 1610 Balduino
952 1545 1105 1610 Neuchini
1137 1565 1233 1628 usque

57 1651 99 1714 ad
114 1651 250 1717 valorem
261 1651 311 1717 CL
327 1652 476 1717 librarum
493 1654 633 1717 monetae
643 1653 834 1732 Parisionsis,
860 1652 993 1719 Gnidoni
1008 1654 1045 1718 de
1056 1653 1233 1718 Alteclocke

56 1777 155 1841 usque
178 1759 218 1823 ad
227 1758 281 1824 XC
292 1760 395 1838 libras,
420 1761 514 1824 Petro
539 1758 733 1825 deOastileto
748 1780 845 1842 usque
868 1760 907 1824 ad
922 1761 1049 1825 eandem
1066 1779 1231 1839 summam,

57 1865 168 1948 cuique
191 1887 245 1949 per
269 1886 393 1946 annum,
425 1865 674 1946 commodaverit,
709 1866 900 1931 redditurum
932 1886 999 1932 esse
1023 1866 1126 1952 (Paris,
1157 1874 1232 1932 Bibl.

57 1978 167 2038 nation.
191 1997 264 2038 man.
289 1981 337 2039 lat.
366 1986 482 2051 17803,
513 1980 558 2039 No
583 1986 657 2051 321,
682 1998 760 2054 cop.;
799 1981 830 2038 in
852 1980 897 2039 No
923 1986 962 2040 52
996 1980 1090 2054 gallic.
1124 1981 1231 2050 versi03

59 2085 97 2143 ci.
121 2086 315 2146 Blanomesnil
351 2095 423 2160 136,
457 2094 539 2156 438;
578 2087 718 2145 Armorial
741 2089 781 2157 II,
817 2093 898 2158 2303
937 2088 1051 2160 Lavoix,
1085 2088 1232 2146 Monnaies

56 2193 234 2267 alegendes
267 2195 367 2253 arabes
397 2195 526 2269 frappdes
560 2213 594 2253 on
619 2194 696 2269 Syrie
729 2212 781 2268 par
810 2195 851 2253 los
876 2193 988 2266 oroisos,
1028 2194 1110 2253 Paris
1137 2199 1230 2266 1877,

59 2294 189 2382 10-1).

146 2405 178 2470 2.
204 2404 307 2470 1217
334 2404 371 2486 (6.
396 2402 533 2467 medium
555 2402 652 2489 Jun.).
683 2404 865 2486 leopoldus,
898 2404 958 2469 dux
980 2402 1134 2483 Austriae,
1160 2423 1231 2470 oum

56 2509 347 2575 coenobioitunensi
371 2511 408 2575 dc
432 2510 617 2593 quibusdam
640 2511 884 2593 possessionibus
908 2513 1134 2577 commutandis
1158 2532 1232 2577 oon-

53 2616 150 2681 venit.
196 2617 320 2682 Testes:
345 2618 524 2682 Herrandus
549 2617 585 2682 de
608 2618 766 2697 Wildonii,
791 2619 988 2684 Reimbertus
1012 2619 1049 2684 dc
1072 2619 1230 2699 Mureklre,

52 2722 180 2804 Albero,
213 2724 357 2807 pincerna
380 2725 416 2789 de
440 2723 709 2804 Grimmensteino,
740 2726 919 2791 Dietmarus
950 2726 987 2790 de
1010 2726 1230 2807 Lichtonstein,

52 2831 241 2897 Pertholdus
265 2831 302 2897 de
322 2831 423 2918 Stege,
448 2833 645 2913 Bartholdus,
670 2833 787 2915 dapifer
810 2834 847 2898 dc
866 2833 1042 2914 Emerberc,
1067 2834 1231 2900 Heinricus

55 2939 95 3002 dc
118 2939 433 3020 Trebanohesuinlrol,
457 2941 591 3021 Ubious,
615 2941 764 3023 plebanus
787 2941 825 3005 de
843 2941 965 3022 Uisoha,
992 2941 1170 3007 Chomadus
1194 2941 1231 3006 do

55 3045 230 3125 Miresdorf,
270 3047 453 3130 Luipoldus,
494 3047 579 3114 ducis
618 3048 755 3112 notarius
795 3047 832 3133 (v.
863 3055 950 3127 Zahn,
990 3055 1171 3114 Urkundonb.
1204 3056 1230 3113 d.

54 3159 209 3232 Herzogth.
234 3159 406 3219 Steiermark
429 3162 469 3233 ΙΙ,
496 3168 658 3232 aro—20,
683 3161 727 3220 No
756 3153 839 3241 147).

147 3262 305 3328 3.1217
333 3261 372 3347 (6.
392 3262 473 3326 med.
493 3260 566 3328 Jun.
597 3261 796 3327 Vindobonao
805 3259 844 3347 1).
890 3263 978 3327 idem
1002 3263 1062 3328 dux
1085 3263 1232 3345 hospitali

56 3365 88 3432 S.
107 3365 223 3432 Mariae
247 3367 284 3432 do
300 3365 451 3433 Oorcualt
467 3367 687 3453 (Summering)
712 3369 857 3434 nonnulla
880 3370 1041 3455 privilegia
1063 3391 1081 3434 6
1104 3369 1231 3453 majori-

55 3475 117 3539 bus
151 3475 213 3539 suis
246 3493 389 3540 concessa
428 3475 597 3540 confirmat.
655 3477 779 3542 Testes:
821 3478 1017 3542 Hademarus
1056 3479 1093 3543 de
1126 3477 1231 3543 Chun-

54 3581 166 3664 ringcn
188 3583 219 3646 et
241 3582 299 3646 filii
321 3582 387 3666 ejus
410 3583 606 3648 Hademarus
630 3585 661 3647 61
683 3584 856 3665 Heinricus,
889 3585 1056 3668 Marquard
1079 3586 1117 3650 de
1139 3586 1230 3651 Him-

54 3707 133 3772 porg
156 3689 188 3753 ot
209 3689 292 3755 filius
316 3689 550 3773 ejusIrenfried,
575 3690 691 3756 Rodolf
707 3690 931 3772 dePotondonf,
956 3693 1088 3772 Uirium,
1112 3712 1230 3759 mares-

54 3795 160 3860 calcus
184 3795 220 3861 dc
243 3796 472 3861 Valchinstcine
503 3799 535 3861 61
557 3797 653 3862 frater
683 3798 748 3882 ejus
771 3800 978 3880 Bernhardus,
1012 3800 1164 3866 Henricus
1193 3802 1230 3866 de

54 3904 182 3968 Prunne
219 3905 252 3968 61
288 3903 370 3968 filius
394 3905 562 3985 Henricus,
602 3906 770 3989 Luipoldus
809 3907 968 3989 pincerna,
1008 3907 1160 3973 Henricus
1193 3908 1230 3973 de

53 4009 222 4093 Hakingen
245 4008 325 4095 (ibid.
352 4023 491 4088 220-1‚
516 4018 560 4077 No
589 4012 673 4098 148).

147 4115 483 4185 6161161666.
516 4117 627 4202 Campi
648 4120 793 4184 liliorum.
826 4120 913 4185 Idem
937 4120 996 4185 dux
1021 4140 1091 4186 eum
1114 4121 1228 4201 Ulrico,

52 4223 200 4310 episcopo
222 4223 406 4304 Pataviensi,
431 4227 670 4292 controversiam
693 4227 772 4295 inter
796 4229 979 4298 conventum
999 4227 1229 4298 Gottvioonsem
