2956 4800
625 261 847 329 „bo-.-

155 437 270 507 Montis
286 441 407 520 Oliveti,
432 439 606 528 A(ndreas),
632 441 746 506 Montis
755 441 878 506 Thabor
902 443 933 505 et
942 440 1148 528 Elaeundus),
1176 440 1209 508 S.
1222 435 1335 507 Mariae

155 551 291 626 Latinae,
326 546 500 631 abbates1),
539 548 692 631 Philippo,
725 550 792 632 regi
824 549 979 627 Franciae,
1012 549 1173 628 nuntiant,
1210 550 1335 614 Terram

155 656 300 721 Sanctam
332 657 364 720 in
396 675 518 720 summo
549 656 664 720 versari
695 656 885 733 discrimine,
919 676 1014 739 quum
1044 656 1168 721 incolae
1201 657 1281 741 Tyri
1309 658 1336 721 ct

153 763 292 841 Acconis,
323 762 498 846 regionibus
521 762 627 827 vicinis
651 781 670 826 a
693 761 843 827 Coradino
874 762 939 846 igni
961 763 1102 845 ferroque
1126 765 1279 842 vastatis,
1309 765 1336 828 in

153 872 322 936 maximam
345 871 559 953 paupertatem
582 870 698 934 redacti
720 870 834 952 partim
857 871 888 933 in
904 869 1049 954 Cyprum,
1075 870 1200 951 partim
1224 872 1258 936 in
1281 871 1335 937 Ar-

156 979 288 1043 meniam
308 977 469 1061 fugissent,
494 996 599 1060 regem
616 976 911 1055 solumJohanncm,
936 976 1075 1059 quamvis
1091 995 1110 1040 a
1126 977 1335 1044 creditoribm

153 1088 297 1150 vexatum
328 1086 359 1147 et
381 1086 561 1166 paupertate
592 1103 782 1167 oppressum,
813 1103 909 1165 quum
940 1103 1045 1148 omnes
1075 1086 1277 1151 mercatores
1305 1105 1335 1150 ac

153 1192 305 1274 peregrini
328 1191 508 1255 Damiatam
541 1211 572 1255 se
604 1191 797 1269 contulerint,
831 1208 989 1255 remanere
1022 1190 1160 1255 hostium
1199 1193 1335 1275 impetus

153 1298 369 1381 repellentem
393 1299 574 1380 paupertate
598 1299 689 1375 enirn,
715 1298 899 1381 quibusdam
919 1297 1105 1362 secundariis
1122 1299 1235 1363 causis
1252 1318 1335 1364 acce

153 1406 305 1483 dentibus,
339 1407 419 1469 hunc
450 1405 596 1469 Damiata
619 1406 773 1469 Acconem
805 1406 940 1482 rediisse,
974 1405 1026 1469 sed
1051 1423 1147 1487 quum
1181 1425 1280 1471 nemo
1312 1405 1337 1470 ci

153 1513 316 1596 pecuniam
346 1513 488 1576 mutuare
518 1512 600 1591 velit,
634 1532 739 1596 regem
763 1513 910 1576 Franciae
934 1512 1034 1576 eidem
1057 1511 1228 1577 subvenire
1263 1532 1337 1597 opus

154 1621 268 1703 esse2).
293 1657 337 1666 —
359 1619 499 1683 Pendent
529 1621 596 1684 octo
621 1620 732 1703 sigilla,
767 1639 898 1702 quorum
922 1621 1041 1702 septem
1073 1619 1103 1682 in
1128 1637 1205 1684 cera
1237 1620 1336 1699 viridi,

154 1748 248 1792 unum
272 1728 303 1791 in
328 1745 397 1790 cera
420 1726 500 1790 flava
522 1726 671 1809 impressa
695 1729 783 1804 sunt3
807 1727 879 1791 noni
903 1727 1067 1810 vestigium
1091 1725 1223 1791 tantum
1241 1727 1337 1794 adest.

155 1833 225 1919 (Ero
249 1840 388 1898 Archives
412 1840 446 1897 de
469 1839 603 1914 l'Empire
627 1840 654 1899 J.
673 1847 746 1910 443,
771 1841 816 1897 No
842 1846 871 1910 2,
895 1857 970 1898 nunc
993 1840 1089 1897 Musee
1112 1839 1163 1896 des
1189 1842 1335 1911 archivus

154 1949 214 2005 doc.
247 1949 355 2020 ttrang.
379 1947 424 2004 No
451 1954 510 2006 196
545 1948 693 2021 epistolam
725 1949 850 2005 nostram
882 1948 1045 2005 memoravit
1068 1947 1108 2003 De
1132 1946 1200 2005 Mas
1227 1949 1334 2018 Leiria,

153 2055 278 2112 Histoire
303 2054 337 2110 de
360 2053 417 2110 l'lle
442 2055 475 2110 de
491 2055 632 2128 Chyprel,
661 2061 733 2124 215,
757 2055 823 2111 Not.
838 2062 864 2124 1,
889 2072 938 2128 pro
961 2053 1082 2112 maxima
1104 2054 1186 2126 parte
1205 2055 1336 2129 Marquis

154 2162 187 2219 de
201 2162 308 2234 Vogrit,
333 2161 386 2218 Les
411 2160 513 2233 dglisos
538 2161 572 2218 do
596 2161 680 2218 Terre
704 2161 801 2220 Sainte
822 2168 872 2231 42,
897 2163 985 2219 totam
1010 2161 1099 2219 edidit
1122 2160 1281 2220 chevalier
1303 2163 1336 2220 dc

153 2267 356 2342 Lagenissidre,
390 2267 466 2325 Hist.
491 2269 523 2324 de
547 2267 671 2326 luvochd
696 2269 729 2324 de
753 2268 919 2326 Bethldlrcm
946 2273 1039 2338 1872,
1073 2274 1191 2337 oar-5,
1221 2269 1294 2329 Not.
1319 2277 1331 2329 l

153 2378 181 2433 ot
205 2375 369 2444 Delaborde,
395 2375 511 2433 Chattos
536 2376 569 2431 de
593 2376 677 2433 Terre
702 2375 807 2446 Semta,
832 2376 913 2434 Paris
937 2383 1029 2446 1880,
1059 2381 1208 2444 123-53
1237 2377 1276 2435 de
1299 2377 1334 2435 si·

152 2483 230 2556 gillis
254 2483 368 2539 chartae
392 2483 505 2540 nostrae
529 2481 753 2554 appendentibus
786 2483 870 2540 solita
894 2483 1023 2541 doctrina
1047 2481 1181 2540 disseruit
1204 2482 1334 2544 Gustare

152 2590 374 2662 Sclrlurnloerger,
410 2590 516 2646 Sceaur
549 2591 576 2645 et
599 2589 689 2646 bullas
723 2590 756 2646 dc
779 2589 900 2647 l'Orient
931 2590 1003 2648 latin
1028 2608 1062 2648 au
1086 2606 1188 2663 moyen
1212 2595 1273 2664 age
1306 2592 1333 2649 in

152 2699 190 2755 Le
213 2697 309 2754 Museo
339 2695 497 2769 archeolog.
530 2697 573 2753 od.
607 2697 640 2753 do
665 2696 732 2754 Cain
765 2697 798 2754 de
823 2697 1041 2772 Sainthymour
1064 2698 1102 2766 ll,
1138 2701 1331 2767 rac-304,

150 2805 194 2861 No
224 2796 327 2882 l-ss).

242 2904 295 2969 12.
330 2907 412 2970 1221
455 2904 568 2989 (medio
593 2903 675 2986 Sept.
723 2904 848 2987 Accon).
896 2905 1058 2986 Philippus
1082 2905 1119 2968 de
1143 2904 1293 2970 Albineio
1307 2904 1330 2990 ³)

151 3010 293 3088 Ranulfo,
319 3011 424 3073 comiti
444 3010 591 3089 Cestriae,
615 3013 746 3090 nuntiat,
773 3031 804 3075 se
832 3015 871 3078 lh
886 3013 965 3095 hug.
990 3010 1129 3075 Marsilia
1152 3011 1330 3092 profectum

151 3118 271 3200 irSept.
289 3118 468 3181 Damiatam
493 3118 658 3200 appulsum
681 3118 775 3184 fuisse
799 3119 901 3200 ibique
925 3118 962 3182 de
979 3118 1064 3182 clade
1088 3119 1330 3184 christianorum

151 3225 234 3288 varia
258 3225 418 3288 audivisse.
443 3225 509 3289 Hos
522 3225 613 3302 enim,
639 3245 770 3307 quorum
793 3225 824 3289 in
849 3226 1020 3290 numerolll
1038 3225 1161 3303 milites,
1189 3226 1330 3291 Vmillia

151 3332 289 3414 equitum
323 3333 354 3395 et
376 3332 432 3395 XL
456 3332 554 3396 millia
577 3332 726 3418 peditum·
740 3333 863 3410 fuerint,
898 3335 1004 3396 contra
1027 3333 1222 3398 voluntatem
1246 3335 1329 3419 regis

148 3440 299 3503 Johanuis
324 3439 434 3521 iring.
453 3440 614 3522 profectos,
641 3440 694 3503 sed
718 3441 755 3503 ab
780 3441 929 3517 hostibus,
955 3441 1037 3505 fossa
1060 3440 1139 3504 inter
1156 3442 1328 3507 exercitum

150 3548 181 3608 et
191 3547 369 3609 Damiatam
386 3547 477 3623 facta,
503 3547 590 3629 aquis
614 3547 777 3611 immersos
793 3548 897 3627 fuisse,
923 3549 1073 3629 utusque
1097 3546 1136 3611 ad
1151 3547 1328 3614 braccarios

150 3654 181 3716 et
203 3652 348 3718 cinctorio
380 3652 411 3716 in
437 3672 517 3735 aqua
541 3656 659 3718 starent
688 3655 791 3738 itaque
815 3673 922 3737 pacem
956 3656 1024 3718 octo
1051 3674 1200 3719 annorum
1226 3656 1327 3721 facere

241 3848 258 3909 ¹)
278 3853 311 3897 lle
330 3854 366 3898 his
385 3853 463 3899 videns
480 3855 599 3913 Itdlrriclrt,
631 3855 697 3910 Syria
716 3869 782 3902 saera
800 3857 823 3900 in
843 3856 925 3900 lePV.
939 3855 968 3911 X,
988 3869 1006 3901 s.
1028 3869 1089 3900 vocc.
1167 3854 1185 3912 Ξ)
1206 3856 1259 3903 Hoc
1278 3859 1326 3904 loco

148 3942 272 3999 scriptores
292 3942 404 3999 epistulae
417 3943 552 4000 Johnnuem,
573 3944 900 4000 regemHierosolynritanuur,
921 3957 1032 3990 excusare
1051 3944 1117 3999 velle,
1137 3944 1176 3999 qui
1196 3949 1326 3994 exercitum

148 4031 303 4077 llaruiutiuuur
323 4031 456 4090 reliquerat,
476 4034 573 4090 apparet
588 4032 622 4090 (T.
636 4033 761 4090 XXXVII).
837 4031 856 4090 ³)
877 4034 904 4078 do
924 4047 950 4078 eo
971 4033 1160 4079 viduusludiceur
1179 4039 1326 4093 crucesigna-

147 4123 222 4166 torum
248 4122 351 4165 nostrum
371 4134 390 4166 s.
411 4136 431 4166 v.
470 4121 533 4178 erue
559 4123 587 4167 de
610 4123 675 4168 clude
695 4123 871 4168 christianorum
900 4125 925 4167 et
943 4136 1000 4180 poce
1026 4123 1154 4180 compositu
1182 4125 1326 4184 referuntur,

148 4210 256 4267 supplent
274 4210 367 4254 Eracles
388 4210 490 4256 uso-a
511 4214 535 4256 et
554 4211 666 4257 Oliverius
688 4212 816 4258 1434-9.
