2956 4800
625 345 846 410 ,ῃ-

149 524 259 586 natam
283 522 344 586 illis
368 521 516 604 deCypri
543 541 601 603 que
625 522 674 586 via
690 524 738 586 est
749 522 838 604 juxta
855 521 1026 600 ecclesiam,
1050 523 1081 586 in
1103 542 1163 605 qua
1185 523 1329 587 habitant

149 629 263 693 fratres
284 629 427 707 Minores,
453 630 483 692 et
507 629 653 694 veniendo
679 629 773 692 ctiam
796 649 850 711 per
873 629 960 693 illam
984 630 1066 694 viam
1092 681 1098 694 .
1125 681 1131 693 .
1157 682 1162 695 .
1190 681 1195 693 .
1221 648 1326 694 versus

149 737 328 820 aquilonem
352 754 448 818 usque
472 735 510 799 ad
533 737 616 801 viam
639 754 759 813 novam,
784 756 843 818 que
867 737 915 800 est
930 737 1019 819 juxta
1034 737 1195 819 palatium,
1219 736 1327 819 inquo

148 845 326 908 remoratur
356 842 475 907 familia
507 842 726 925 archiepiscopi
758 842 1004 908 Mediolanensis.
1059 843 1140 908 Item
1170 844 1327 909 communi

149 951 314 1017 concordia
337 950 503 1033 posueruut
525 951 557 1014 in
581 950 718 1032 predicta
740 950 879 1032 portione
903 952 1081 1016 casamenta
1114 970 1184 1016 cum
1208 952 1326 1016 stauro-

148 1059 251 1137 nellis‚
276 1077 354 1140 quae
378 1057 503 1122 suntin
527 1058 571 1121 eis
594 1076 686 1140 prope
710 1057 870 1140 palatium.
896 1055 981 1137 Quae
1005 1057 1064 1124 duc
1088 1058 1223 1137 brachia,
1249 1076 1327 1141 quae

149 1167 199 1230 est
223 1184 328 1230 versus
352 1183 419 1230 sero
443 1164 523 1230 sicut
544 1165 630 1229 tenet
652 1184 759 1229 murus
782 1164 885 1230 veclus
909 1183 928 1229 a
950 1165 1046 1230 latere
1064 1166 1203 1230 meridiei
1225 1184 1326 1230 rema·

148 1274 250 1338 nendo
280 1273 345 1355 ipse
368 1292 475 1337 murus
498 1271 611 1352 reclus,
643 1272 695 1354 qui
717 1272 760 1336 ibi
784 1272 903 1336 estrei
926 1273 979 1356 qui
1001 1273 1044 1338 ibi
1066 1273 1129 1352 fiet,
1155 1273 1326 1338 communis

148 1401 250 1464 usque
283 1379 435 1445 adriam.
483 1377 568 1459 Quae
600 1380 776 1445 casamenta
806 1381 879 1445 sunt
901 1381 972 1444 ante
1001 1380 1153 1463 palatium
1176 1399 1326 1464 magnum

150 1488 345 1553 destructum
364 1488 396 1552 et
407 1487 496 1571 juxta
511 1488 593 1552 viam
610 1506 731 1565 novam,
757 1506 834 1570 quae
851 1489 898 1552 est
916 1506 1022 1553 versus
1039 1487 1223 1571 aquilonem,
1249 1505 1327 1570 quae

149 1597 252 1680 portIo
285 1596 366 1660 sorte
397 1595 521 1660 obvenit
552 1594 728 1659 hominibus
751 1595 994 1660 Bononiensibus
1027 1596 1058 1659 et
1081 1595 1247 1678 capitaneis
1270 1595 1327 1659 ho·

150 1705 273 1768 minum
296 1702 535 1768 Bononiensium
565 1702 609 1766 ibi
630 1702 833 1785 presentibus.
879 1702 961 1766 Item
988 1703 1144 1768 communi
1168 1700 1327 1767 concordia

149 1812 321 1895 posuerunt
352 1811 383 1874 et
406 1810 556 1874 miserunt
587 1810 618 1873 in
651 1809 712 1873 alia
734 1810 881 1892 portione,
915 1827 993 1891 quae
1017 1811 1065 1874 est
1088 1829 1106 1874 a
1128 1809 1225 1874 latere
1249 1828 1325 1888 sero,

149 1918 283 2003 predicti
304 1915 420 1982 domini
443 1919 474 1981 et
496 1917 660 1998 partitores
683 1917 763 1981 sieut
784 1917 952 1999 respiciunt
969 1917 1103 1995 termini,
1125 1916 1178 2000 qui
1201 1917 1273 1981 sunt
1295 1917 1327 1980 in

150 2043 269 2109 magna
299 2024 388 2107 plana
418 2025 488 2088 ante
512 2042 624 2108 magno
648 2024 769 2089 Palatio
801 2025 934 2106 exceptis
966 2024 1110 2106 predictis
1143 2024 1326 2088 casamentis

150 2151 225 2198 cum
241 2132 432 2208 stationibus,
458 2150 535 2213 quae
554 2132 626 2195 sunt
648 2132 749 2211 ineis,
774 2131 853 2197 sicut
875 2132 906 2195 in
922 2131 1059 2214 predicta
1074 2131 1213 2214 portione
1230 2132 1326 2215 scrip-

149 2242 222 2305 tum
247 2241 301 2305 est.
346 2239 427 2304 Item
451 2240 531 2303 sieut
552 2241 638 2303 tenet
666 2240 716 2303 via
740 2240 856 2319 stricta,
890 2258 950 2323 qua
973 2240 1036 2304 itur
1065 2258 1171 2304 versus
1202 2258 1326 2304 murum

151 2348 287 2413 civitatis
320 2348 352 2412 et
383 2366 489 2412 versus
520 2346 699 2411 meriadiem
729 2367 825 2430 usque
858 2346 896 2412 ad
927 2366 1052 2411 murum
1083 2346 1203 2429 ipsum,
1236 2347 1328 2430 prout

150 2455 317 2539 designaut
338 2455 484 2537 quattuor
503 2453 571 2537 jam
595 2453 669 2517 dieti
691 2454 816 2519 termini
846 2453 882 2519 de
905 2473 1069 2519 marmore.
1115 2453 1198 2518 Item
1221 2473 1327 2519 versus

150 2582 223 2629 sero
246 2563 326 2626 sicut
348 2561 510 2645 designant
531 2561 656 2626 termini
687 2561 719 2625 in
742 2562 826 2626 omni
848 2563 936 2643 parte
960 2561 1052 2644 positi
1083 2581 1176 2644 prope
1199 2580 1327 2644 parvam

150 2670 265 2735 turrim
289 2688 366 2752 quae
383 2668 482 2733 adhue
497 2670 636 2733 remanet
653 2669 824 2733 communis
848 2688 919 2734 cum
935 2668 1106 2734 confinibus
1121 2669 1216 2751 ipsius
1232 2669 1327 2733 turris

151 2779 185 2844 et
208 2777 420 2844 terminorum.
466 2776 547 2840 Item
576 2777 608 2840 in
634 2776 756 2859 jussum
786 2796 893 2841 versus
926 2776 1136 2859 episcopatum
1168 2778 1200 2841 et
1221 2796 1327 2841 versus

152 2885 341 2969 aquilonem,
374 2884 453 2949 sicut
475 2884 638 2949 Venetiani
668 2884 717 2949 vel
741 2883 793 2948 alii
826 2884 960 2949 cofinant
990 2904 1060 2949 cum
1083 2883 1326 2949 Bononiensibus

152 2996 187 3058 ct
200 2992 407 3057 Luccensibus
430 3011 527 3074 usque
551 2990 694 3056 adriam
718 3010 829 3056 novam
852 2992 884 3055 et
906 3010 1002 3075 usque
1026 2990 1065 3056 ad
1088 2990 1224 3070 domum,
1249 3010 1327 3075 quae

153 3099 315 3164 dicebatur
337 3096 469 3184 data(m)
502 3117 568 3164 esse
592 3098 715 3163 domino
738 3099 870 3178 Barutti
905 3117 983 3182 quae
1007 3099 1105 3182 portio
1130 3098 1253 3164 obvenit
1275 3118 1328 3182 per

152 3209 272 3274 sortem
286 3206 492 3272 Luccensibus
515 3205 707 3288 presentibus
730 3205 905 3271 consulibus
929 3208 960 3270 et
983 3207 1149 3289 capitaneis
1165 3206 1329 3271 Luccensi·

151 3317 223 3381 bus.
269 3314 415 3378 Preterea
437 3313 469 3378 iu
492 3314 647 3378 communi
670 3313 830 3378 concordia
860 3313 987 3397 predicti
1012 3313 1327 3392 desuescerent,

153 3422 236 3506 quod
268 3421 362 3486 turris
386 3440 457 3486 cum
480 3419 649 3485 confinibus
672 3439 806 3503 parvuae
830 3420 968 3504 ejusdem
1000 3422 1093 3485 turris
1117 3421 1216 3485 eidem
1249 3420 1329 3486 datis

153 3530 193 3596 de
225 3528 366 3594 terminis
396 3527 456 3611 ipsi
486 3527 531 3593 ibi
561 3528 669 3610 positis
701 3530 860 3592 remaneat
891 3528 1071 3592 communis.
1119 3529 1160 3592 Et
1189 3527 1330 3594 dixerunt

127 3655 132 3664 ·
153 3635 369 3715 communiter,
393 3634 474 3718 quod
494 3654 600 3699 murus
615 3635 747 3700 civitatis
772 3653 790 3698 a
808 3635 905 3699 latere
921 3635 958 3699 de
974 3634 1058 3713 foris,
1076 3635 1157 3700 sieut
1178 3655 1232 3719 per
1247 3636 1329 3718 ipsos

154 3744 335 3828 designatus
353 3743 409 3822 est,
435 3743 475 3808 sit
498 3743 669 3808 communis
692 3742 876 3808 remanendo
900 3742 1076 3807 hominibus
1086 3743 1329 3809 Bononiensibus

153 3853 250 3918 facies
274 3849 355 3914 muli
378 3849 519 3928 civitatis,
545 3867 622 3932 quae
646 3850 693 3914 est
715 3869 821 3914 versus
844 3849 1016 3933 portionem
1040 3868 1156 3930 eorum,
1182 3851 1213 3914 et
1235 3849 1329 3915 facies

154 3959 239 4025 muri
263 3956 395 4022 civitatis
418 3956 602 4022 remanendo
626 3956 1028 4036 hominibusLueceusibus
1054 3975 1132 4039 quae
1156 3958 1203 4022 est
1225 3976 1331 4022 versus

154 4066 330 4151 portionem
362 4083 468 4131 eorum
492 4084 584 4148 snper
606 4083 721 4149 magna
743 4066 830 4144 turri,
864 4067 908 4130 sio
931 4064 1087 4131 communi
1119 4062 1277 4129 concordia
1300 4065 1332 4127 et

154 4174 316 4241 voluntate
330 4172 494 4255 protestati
510 4173 581 4237 sunt
604 4173 636 4237 et
651 4173 800 4252 dixerunt,
825 4173 906 4256 quod
926 4171 1077 4255 quomodo
1094 4171 1166 4236 data
1182 4172 1213 4235 ot
1229 4169 1331 4255 desig-

154 4282 231 4350 nata
253 4279 313 4348 fuit
334 4278 577 4349 Bononiensibus
601 4281 632 4344 et
654 4279 860 4348 Luccensibus
883 4280 950 4366 ipsa
981 4278 1076 4344 turris
1100 4298 1170 4346 cum
1194 4279 1257 4345 suis
1280 4296 1330 4344 ra-
