2956 4800
530 349 772 411 -139-

66 522 285 586 Ithenanorum
317 541 352 586 er
376 540 437 586 uno
467 521 560 605 atque
592 521 699 586 eodem
728 521 813 587 fonte
836 523 984 600 hausisse,
1016 523 1103 606 cnjus
1135 525 1240 586 auctor

65 627 179 712 (chron.
212 651 271 708 rog.
302 633 397 693 Golon.
427 633 514 708 praef.
546 634 654 706 XXIII)
692 648 790 712 nequa
821 630 851 693 in
883 629 1064 714 Portugalia
1102 630 1240 695 moratus

64 754 162 818 neque
179 733 324 800 Carmine
348 734 385 800 de
401 732 538 799 Salaciae
563 724 786 819 expugnatione
810 736 858 800 vel
877 736 1048 802 Annalibus
1063 736 1239 801 Nussiensi-

65 843 120 907 hus
146 862 221 906 usus
244 841 375 906 fortasse
399 839 553 907 (laevinus
575 842 627 906 ille
651 842 832 908 statuendus
855 845 905 908 sit.

153 968 183 1030 p.
209 948 345 1012 XXXVI
368 949 440 1013 Not.
466 952 486 1016 3
510 948 529 1015 L
557 955 591 1016 l:
615 950 643 1013 D
670 952 773 1033 (Epist.
797 955 954 1014 Hermanni
982 948 1066 1035 197).

152 1076 182 1138 p.
199 1055 287 1119 XLII
309 1056 381 1123 Not.
407 1059 435 1122 1.
460 1055 551 1121 Dom.
576 1055 792 1122 Gildemeister
814 1076 869 1121 nos
892 1057 1036 1122 certiores
1059 1057 1149 1121 facit:
1175 1057 1240 1140 Tay

66 1165 95 1228 ct
127 1161 225 1246 Culay
262 1162 477 1246 intelligendas
516 1183 583 1228 esse
622 1164 721 1229 tribus
751 1163 992 1246 Mesopotamiae
1026 1164 1168 1247 Tayyaye
1209 1164 1241 1227 et

66 1269 204 1353 Akolaye
243 1267 415 1355 (Assemani,
455 1276 590 1335 Bibhoth.
624 1275 722 1335 oriont.
747 1278 784 1347 ΙΙ,
823 1269 906 1355 113),
945 1271 1049 1354 itaque
1082 1271 1240 1335 auctorem

65 1377 243 1460 prophetiae
273 1377 331 1442 hoc
353 1376 429 1441 loco
443 1377 561 1442 bellum
584 1378 615 1442 11
640 1379 741 1443 animo
766 1378 887 1457 hahere,
919 1377 1000 1461 qnod
1024 1376 1185 1442 Saladinus
1208 1377 1240 1441 11

66 1483 291 1566 Mesopotamia
313 1483 452 1568 gesserit.

152 1611 183 1674 p.
209 1581 312 1655 XLVI
334 1590 388 1656 lin.
413 1594 510 1658 a-a.
547 1592 639 1656 Dom.
663 1591 827 1656 Neumann
851 1590 999 1676 (aeram.
1023 1598 1049 1655 o.
1073 1597 1106 1654 o.
1130 1596 1239 1654 ear-v.

71 1709 151 1764 1880
184 1722 212 1779 p.
238 1697 314 1783 243)
345 1717 455 1762 nomen
479 1697 568 1782 agap
591 1699 810 1781 interpretatus
834 1700 897 1764 est:
928 1698 1107 1777 Alcabitius,
1139 1697 1240 1762 idest

68 1804 233 1884 al-Kaoisi,
258 1805 309 1887 qni
333 1804 394 1869 fuit
408 1805 515 1870 auctor
530 1805 763 1870 introductionis
787 1806 817 1870 in
833 1805 1033 1890 astrologiam
1050 1806 1087 1869 ab
1098 1804 1119 1870 J
1121 1805 1239 1869 ohanne

69 1912 203 1995 Hispano
226 1911 321 1976 latine
338 1931 450 1978 versae.
475 1913 555 1976 Huic
574 1912 742 1977 sententiae
759 1913 900 1977 accedere
925 1914 956 1977 et
973 1912 1012 1977 ad
1027 1913 1108 1977 hunc
1123 1911 1238 1977 librum

70 2018 178 2085 referre
201 2018 305 2098 velim,
330 2037 408 2102 qnae
431 2020 519 2098 Eme,
545 2019 582 2084 dc
605 2021 714 2084 itinere
738 2020 901 2086 Frisonum
917 2024 958 2087 61
983 2019 1114 2097 nuntiat,
1139 2018 1238 2082 filium

72 2125 147 2191 enim
171 2125 440 2209 regisMaroohiae
463 2125 557 2191 fidem
577 2127 775 2191 christianam
791 2127 964 2210 professum
992 2127 1046 2205 ,(11
1069 2126 1129 2190 fine
1152 2125 1239 2209 regni

72 2231 160 2316 ipsius
192 2231 340 2298 audictis
372 2234 591 2316 prophetamm
622 2233 813 2317 prohabilem
838 2233 997 2319 collegisse
1021 2233 1237 2298 sententiam“.

154 2360 183 2423 p.
210 2339 328 2404 XLVII
359 2341 438 2404 inter
462 2340 578 2406 codices
601 2342 779 2424 prophetiae
803 2342 892 2426 Agap
925 2340 1148 2406 enumerandus
1179 2339 1239 2404 luit

76 2445 139 2512 ooo.
164 2447 333 2512 Vaticanus
357 2449 442 2516 3851
467 2448 519 2515 fol.
545 2451 587 2516 14
610 2467 634 2513 c.
658 2453 688 2516 2.

154 2575 184 2638 p.
210 2555 344 2620 XLVIII
371 2555 425 2620 lin.
450 2555 577 2620 ultima:
611 2556 746 2621 Thomas
778 2557 810 2621 in
833 2556 1007 2640 Sitzungsb.
1039 2555 1067 2620 d.
1090 2553 1184 2619 Acad.
1210 2553 1238 2621 a.

79 2659 254 2728 Wissensoh.
279 2661 432 2727 Manchen
458 2665 552 2742 1865,
577 2661 634 2741 lII,
662 2665 734 2730 147.

155 2790 183 2852 p.
219 2772 279 2836 119
311 2769 364 2834 lin.
392 2775 431 2837 13
464 2789 576 2834 nomen
608 2769 672 2833 Nili
702 2769 855 2834 Rubrates
894 2770 1071 2852 corruptum
1104 2787 1170 2832 esse
1203 2787 1238 2832 er

83 2872 240 2957 lluphrates
278 2896 449 2955 censerem,
490 2896 585 2960 quum
617 2877 693 2942 satis
730 2879 839 2941 notum
871 2876 927 2955 sit,
967 2875 1058 2959 hujus
1090 2874 1239 2958 temporis

82 2985 207 3047 auctores
233 2984 343 3062 (Jacob.
368 2990 401 3047 de
412 2990 545 3061 vitriaco,
563 2989 615 3065 Ep.
625 2989 663 3060 ΙΙ,
683 2981 759 3068 291)
782 2983 891 3048 Nilum
914 3002 1021 3048 vocare
1037 2983 1238 3065 Euphratem.

156 3124 197 3191 H.
232 3127 481 3192 Testimonia
519 3127 672 3191 minora
709 3126 805 3208 praef.
829 3125 931 3190 XLIV
963 3125 1061 3192 1112
1099 3125 1238 3208 legatur:

82 3229 215 3298 Pauhnus
238 3234 427 3298 Puteolanus
449 3253 520 3316 pro:
544 3233 662 3299 Paulus
684 3234 720 3298 P.
